<?xml version='1.0' encoding='utf-8'?>
<record xmlns="http://www.loc.gov/MARC21/slim" xmlns:xsi="http://www.w3.org/2001/XMLSchema-instance">
  <leader>00000cam^a22002651^^4500</leader>
  <controlfield tag="001">003930870</controlfield>
  <controlfield tag="005">20081110085556.0</controlfield>
  <controlfield tag="008">951106s1946^^^^miu||||||||||||||^||eng|d</controlfield>
  <datafield tag="035" ind1=" " ind2=" ">
    <subfield code="a">(CaOTULAS)176793788</subfield>
  </datafield>
  <datafield tag="035" ind1=" " ind2=" ">
    <subfield code="a">(SAZTEC)036604650</subfield>
  </datafield>
  <datafield tag="035" ind1=" " ind2=" ">
    <subfield code="9">(UL)AJB0479</subfield>
  </datafield>
  <datafield tag="035" ind1=" " ind2=" ">
    <subfield code="a">(OCoLC)23344735</subfield>
  </datafield>
  <datafield tag="040" ind1=" " ind2=" ">
    <subfield code="c">SAZTEC</subfield>
  </datafield>
  <datafield tag="111" ind1="2" ind2=" ">
    <subfield code="a">Youth Center Conference</subfield>
    <subfield code="d">(1945 :</subfield>
    <subfield code="c">Alma, Mich.)</subfield>
  </datafield>
  <datafield tag="245" ind1="1" ind2="0">
    <subfield code="a">Youth center evaluation :</subfield>
    <subfield code="b">a report of the Youth Center Conference, Alma, Michigan, November 3, 1945, combined with a study of certain youth centers /</subfield>
    <subfield code="c">[compiled by Cynthia M. Jones].</subfield>
  </datafield>
  <datafield tag="260" ind1=" " ind2=" ">
    <subfield code="a">Ann Arbor, Mich. :</subfield>
    <subfield code="b">Adult Education Program, University of Michigan,</subfield>
    <subfield code="c">1946.</subfield>
  </datafield>
  <datafield tag="300" ind1=" " ind2=" ">
    <subfield code="a">30 L. ;</subfield>
    <subfield code="c">28 cm</subfield>
  </datafield>
  <datafield tag="500" ind1=" " ind2=" ">
    <subfield code="a">Cover title.</subfield>
  </datafield>
  <datafield tag="504" ind1=" " ind2=" ">
    <subfield code="a">Bibliography: leaves 29-30.</subfield>
  </datafield>
  <datafield tag="650" ind1=" " ind2="0">
    <subfield code="a">Recreation centers.</subfield>
  </datafield>
  <datafield tag="700" ind1="1" ind2=" ">
    <subfield code="a">Jones, Cynthia May,</subfield>
    <subfield code="e">comp.</subfield>
  </datafield>
  <datafield tag="710" ind1="2" ind2=" ">
    <subfield code="a">University of Michigan.</subfield>
    <subfield code="b">Community Adult Education.</subfield>
  </datafield>
  <datafield tag="773" ind1="0" ind2=" ">
    <subfield code="a">University of Michigan. Extension Service.</subfield>
    <subfield code="t">Publications.</subfield>
    <subfield code="w">5883441</subfield>
  </datafield>
  <datafield tag="852" ind1="8" ind2=" ">
    <subfield code="a">MiU-H</subfield>
    <subfield code="b">BENT</subfield>
    <subfield code="h">03111 Bimu 2</subfield>
  </datafield>
  <datafield tag="997" ind1=" " ind2=" ">
    <subfield code="a">MARS</subfield>
  </datafield>
  <datafield tag="998" ind1=" " ind2=" ">
    <subfield code="c">MLJ</subfield>
    <subfield code="s">9662</subfield>
  </datafield>
  <datafield tag="LKR" ind1=" " ind2=" ">
    <subfield code="a">UP</subfield>
    <subfield code="b">5883441</subfield>
    <subfield code="l">MIU01</subfield>
    <subfield code="r">773</subfield>
    <subfield code="m">Youth center evaluation, a report of the Youth Center Conference, Alma, Michigan, November 3, 1945, combined with a study of certain youth centers</subfield>
    <subfield code="n">Extension Service (University of Michigan) publications,</subfield>
  </datafield>
  <datafield tag="955" ind1=" " ind2=" ">
    <subfield code="b">BENT</subfield>
    <subfield code="p">B1678590</subfield>
  </datafield>
</record>
